<?xml version="1.0" encoding="UTF-8"?><collection xmlns="http://www.loc.gov/MARC21/slim"><record><leader>00477nam--2200145-i-4500</leader><controlfield tag="001">000021802</controlfield><controlfield tag="002">20161230</controlfield><controlfield tag="005">20161230201034</controlfield><controlfield tag="008">060222s1000------------r-----000-0-eng-d</controlfield><datafield ind1=" " ind2=" " tag="080"><subfield code="a">517.63:517.944</subfield></datafield><datafield ind1=" " ind2=" " tag="100"><subfield code="a">Janet, Maurice</subfield></datafield><datafield ind1=" " ind2=" " tag="245"><subfield code="a">Complements divers sur la transformation de laplace et les equations aux derivees partielles. 2-e edition corrigee</subfield></datafield><datafield ind1=" " ind2=" " tag="260"><subfield code="a">Paris, Secretariat Mathematique, 1957, 47 P</subfield></datafield><datafield ind1=" " ind2=" " tag="490"><subfield code="a">Methods Mathematiques De La Physique</subfield></datafield><datafield ind1=" " ind2=" " tag="852"><subfield code="a">14271</subfield></datafield></record></collection>